<record><leader>00000cas a22000007a 4500</leader><controlfield tag="001">19650506</controlfield><controlfield tag="008">890503d190u1920moucr ne      0    0eng d</controlfield><datafield ind1=" " ind2=" " tag="010"><subfield code="a">sn 89066114 </subfield></datafield><datafield ind1=" " ind2=" " tag="040"><subfield code="a">MQN</subfield><subfield code="b">eng</subfield><subfield code="c">MQN</subfield><subfield code="d">OCLCQ</subfield></datafield><datafield ind1=" " ind2=" " tag="042"><subfield code="a">msc</subfield></datafield><datafield ind1="0" ind2=" " tag="130"><subfield code="a">Linn County budget (Brookfield, Mo. : 1905)</subfield></datafield><datafield ind1="1" ind2="0" tag="245"><subfield code="a">Linn County budget.</subfield></datafield><datafield ind1=" " ind2=" " tag="260"><subfield code="a">Brookfield, Mo. :</subfield><subfield code="b">Budget Pub. Co.,</subfield><subfield code="c">-1920.</subfield></datafield><datafield ind1=" " ind2=" " tag="300"><subfield code="a">v.</subfield></datafield><datafield ind1=" " ind2=" " tag="310"><subfield code="a">Semiweekly,</subfield><subfield code="b">Sept. 20, 1910-Dec. 10, 1920</subfield></datafield><datafield ind1=" " ind2=" " tag="321"><subfield code="a">Weekly,</subfield><subfield code="b">&lt;Mar. 4, 1905&gt;-Sept. 16, 1910</subfield></datafield><datafield ind1="1" ind2=" " tag="362"><subfield code="a">Began in 1904 or 1905.</subfield></datafield><datafield ind1="0" ind2=" " tag="362"><subfield code="a">-v. 24, no. 102 (Dec. 10, 1920).</subfield></datafield><datafield ind1=" " ind2=" " tag="515"><subfield code="a">Vol. 24, no. 102 repeated in numbering.</subfield></datafield><datafield ind1=" " ind2=" " tag="588"><subfield code="a">Description based on: Vol. 11, no. 1 (Mar. 4, 1905).</subfield></datafield><datafield ind1=" " ind2=" " tag="752"><subfield code="a">United States</subfield><subfield code="b">Missouri</subfield><subfield code="c">Linn</subfield><subfield code="d">Brookfield.</subfield></datafield><datafield ind1="0" ind2="0" tag="780"><subfield code="t">Brookfield budget</subfield><subfield code="w">(DLC)sn 89066113</subfield></datafield><datafield ind1="0" ind2="0" tag="785"><subfield code="t">Linn County daily budget</subfield><subfield code="w">(DLC)sn 86063283</subfield></datafield></record>